%% Created using Papers on Sat, 19 Sep 2015.
%% http://papersapp.com/papers/

@article{Tinker:2008tp,
author = {Tinker, M T and Bentall, G and Estes, J A},
title = {{Food limitation leads to behavioral diversification and dietary specialization in sea otters}},
journal = {Proc. Natl. Acad. Sci. USA},
year = {2008},
volume = {105},
number = {2},
pages = {560{\textendash}565}
}

@article{Yeakel:2014tj,
author = {Yeakel, Justin D and Mangel, Marc},
title = {{A generalized perturbation approach for exploring stock recruitment relationships}},
journal = {Theor. Ecol.},
year = {2014},
pages = {1--13}
}

@article{Phillips:2012id,
author = {Phillips, Donald L},
title = {{Converting isotope values to diet composition: the use of mixing models}},
journal = {J. Mammal.},
year = {2012},
volume = {93},
number = {2},
pages = {342--352},
month = apr
}

@article{Moore:2008kg,
author = {Moore, Jonathan W and Semmens, Brice X},
title = {{Incorporating uncertainty and prior information into stable isotope mixing models}},
journal = {Ecol. Lett.},
year = {2008},
volume = {11},
number = {5},
pages = {470--480}
}

@article{Yeakel:2009hz,
author = {Yeakel, Justin D and Patterson, Bruce D and Fox-Dobbs, K and Okumura, M and Cerling, T and Moore, J and Koch, P and Dominy, N},
title = {{Cooperation and individuality among man-eating lions}},
journal = {Proc. Natl. Acad. Sci. USA},
year = {2009},
volume = {106},
pages = {19040{\textendash}19043},
month = nov
}

@article{Satterthwaite:2012em,
author = {Satterthwaite, William H and Hayes, Sean A and Merz, Joseph E and Sogard, Susan M and Frechette, Danielle M and Mangel, Marc},
title = {{State-Dependent Migration Timing and Use of Multiple Habitat Types in Anadromous Salmonids}},
journal = {Transactions of the American Fisheries Society},
year = {2012},
volume = {141},
number = {3},
pages = {781--794},
month = may
}

@article{Cerling:2006kv,
author = {Cerling, Thure E and Ayliffe, Linda K and Dearing, M Denise and Ehleringer, James R and Passey, Benjamin H and Podlesak, David W and Torregrossa, Ann-Marie and West, Adam G},
title = {{Determining biological tissue turnover using stable isotopes: the reaction progress variable}},
journal = {Oecologia},
year = {2006},
volume = {151},
number = {2},
pages = {175--189},
month = dec
}

@article{Kim:2012kc,
author = {Kim, Sora Lee and Mart{\'\i}nez del Rio, Carlos and Casper, Dave and Koch, Paul L},
title = {{Isotopic incorporation rates for shark tissues from a long-term captive feeding study.}},
journal = {J. Exp. Biol.},
year = {2012},
volume = {215},
number = {Pt 14},
pages = {2495--2500},
month = jul
}

@article{Lee:2011jr,
author = {Lee, Who-Seung and Metcalfe, Neil B and Monaghan, Pat and Mangel, Marc},
title = {{A comparison of dynamic-state-dependent models of the trade-off between growth, damage, and reproduction}},
journal = {Am. Nat.},
year = {2011},
volume = {178},
number = {6},
pages = {774--786},
month = dec
}

@article{Shelton:2011eq,
author = {Shelton, Andrew O and Mangel, Marc},
title = {{Fluctuations of fish populations and the magnifying effects of fishing.}},
journal = {Proc. Natl. Acad. Sci. USA},
year = {2011},
volume = {108},
number = {17},
pages = {7075--7080},
month = apr
}

@book{Mangel:2006wa,
author = {Mangel, Marc},
title = {{The theoretical biologist's toolbox: Quantitative methods for ecology and evolutionary biology}},
publisher = {Cambridge University Press},
year = {2006},
address = {Cambridge},
month = jul
}

@article{Bolnick:2011gj,
author = {Bolnick, Daniel I and Amarasekare, Priyanga and Ara{\'u}jo, Marcio S and B{\"u}rger, Reinhard and Levine, Jonathan M and Novak, Mark and Rudolf, Volker H W and Schreiber, Sebastian J and Urban, Mark C and Vasseur, David A},
title = {{Why intraspecific trait variation matters in community ecology}},
journal = {Trends Ecol. Evol.},
year = {2011},
volume = {26},
number = {4},
pages = {183--192},
month = apr
}

@article{Phillips:2002tu,
author = {Phillips, Donald L and Koch, PL},
title = {{Incorporating concentration dependence in stable isotope mixing models}},
journal = {Oecologia},
year = {2002},
volume = {130},
number = {1},
pages = {114--125}
}

@article{Novak:2015kc,
author = {Novak, Mark and Tinker, M Tim},
title = {{Timescales alter the inferred strength and temporal consistency of intraspecific diet specialization}},
journal = {Oecologia},
year = {2015},
pages = {1--14},
month = feb
}

@article{Yeakel:2013hi,
author = {Yeakel, Justin D and Dominy, Nathaniel J and Koch, Paul L and Mangel, Marc},
title = {{Functional morphology, stable isotopes, and human evolution: a model of consilience}},
journal = {Evolution},
year = {2014},
volume = {68},
number = {1},
pages = {190--203}
}

@book{Clark:2000tra,
author = {Clark, C. W. and Mangel, M},
title = {{Dynamic state variable models in ecology: methods and applications}},
publisher = {Oxford University Press, USA},
year = {2000}
}

@book{1984decision,
author = {Mangel, Marc},
title = {{Decision and control in uncertain resource systems}},
publisher = {Elsevier Science},
year = {1984},
series = {Mathematics in Science and Engineering}
}

@article{Jackson:2009ei,
author = {Jackson, Andrew L and Inger, Richard and Bearhop, Stuart and Parnell, Andrew},
title = {{Erroneous behaviour of MixSIR, a recently published Bayesian isotope mixing model: a discussion of Moore {\&} Semmens (2008)}},
journal = {Ecol. Lett.},
year = {2009},
volume = {12},
number = {3},
pages = {E1--E5},
month = mar
}

@article{Yeakel:2012uc,
author = {Yeakel, Justin D and Guimar{\~a}es Jr, Paulo R and Bocherens, H and Koch, P L},
title = {{The impact of climate change on the structure of Pleistocene food webs across the mammoth steppe}},
journal = {Proc. Roy. Soc. B},
year = {2013},
volume = {280},
number = {1762},
pages = {20130239--20130239},
month = may
}

@article{Yeakel:OfhI8s6v,
author = {Yeakel, Justin D and Guimar{\~a}es Jr, Paulo R and Novak, M and Fox-Dobbs, K and Koch, P L},
title = {{Probabilistic patterns of interaction: the effects of link-strength variability on food web structure}},
journal = {J. R. Soc. Interface},
year = {2012},
volume = {9},
number = {77},
pages = {3219--3228},
month = oct
}

@article{Lalonde:1994vh,
author = {Lalonde, RG and Mangel, M},
title = {{Seasonal effects on superparasitism by Rhagoletis completa}},
journal = {J. Anim. Ecol.},
year = {1994},
volume = {63},
number = {3},
pages = {583--588}
}

@article{Mangel:2010tp,
author = {Mangel, M and Brodziak, J and DiNardo, G},
title = {{Reproductive ecology and scientific inference of steepness: a fundamental metric of population dynamics and strategic fisheries management}},
journal = {Fish Fish.},
year = {2010},
volume = {11},
number = {1},
pages = {89--104}
}

@article{Parnell:2010ub,
author = {Parnell, A C and Inger, R and Bearhop, S and Jackson, A L},
title = {{Source Partitioning Using Stable Isotopes: Coping with Too Much Variation}},
journal = {PLoS ONE},
year = {2010},
volume = {5},
number = {3},
pages = {e9672}
}

@article{Bolnick:2007p1253,
author = {Bolnick, DI and Svanback, R and Ara{\'u}jo, MS and Persson, L},
title = {{Comparative support for the niche variation hypothesis that more generalized populations also are more heterogeneous}},
journal = {Proc. Natl. Acad. Sci. USA},
year = {2007},
volume = {104},
number = {24},
pages = {10075}
}

@article{BenDavid:2004p84,
author = {Ben-David, Merav and Titus, Kimberly and Beier, Lavern R},
title = {{Consumption of salmon by Alaskan brown bears: a trade-off between nutritional requirements and the risk of infanticide?}},
journal = {Oecologia},
year = {2004},
volume = {138},
number = {3},
pages = {465--474},
month = feb
}

@article{Johnson:1960gu,
author = {Johnson, N L},
title = {{An Approximation to the Multinomial Distribution: Some Properties and Applications}},
journal = {Biometrika},
year = {1960},
volume = {47},
number = {1/2},
pages = {93},
month = jun
}

@article{Chamberlain:2005p104,
author = {Chamberlain, C P and Waldbauer, J R and Fox-Dobbs, K and Newsome, Seth D and Koch, P L and Smith, D R and Church, M E and Chamberlain, S D and Sorenson, K J and Risebrough, R},
title = {{Pleistocene to recent dietary shifts in California condors}},
journal = {Proc. Natl. Acad. Sci. USA},
year = {2005},
volume = {102},
number = {46},
pages = {16707--16711},
month = nov
}

@article{Carleton:2008cq,
author = {Carleton, Scott A and Kelly, Leona and Anderson-Sprecher, Richard and Mart{\'\i}nez del Rio, Carlos},
title = {{Should we use one-, or multi-compartment models to describe 13C incorporation into animal tissues?}},
journal = {Rapid Communications in Mass Spectrometry},
year = {2008},
volume = {22},
number = {19},
pages = {3008--3014},
month = oct
}

@book{Petersen:1988vf,
author = {Petersen, Sandy and Sullivan, Tom and Willis, Lynn and Lovecraft, Howard Phillips},
title = {{Petersen's Field Guide to Cthulhu Monsters}},
publisher = {Chaosium},
year = {1988},
series = {A Field Observer's Handbook of Preternatural Entities},
month = nov
}

@article{Layman:2007ky,
author = {Layman, Craig A and Quattrochi, John P and Peyer, Caroline M and Allgeier, Jacob E},
title = {{Niche width collapse in a resilient top predator following ecosystem fragmentation}},
journal = {Ecol. Lett.},
year = {2007},
volume = {10},
number = {10},
pages = {937--944},
month = oct
}

@book{Hilborn:1997ds,
author = {Hilborn, R and Mangel, M},
title = {{The ecological detective: Confronting models with data}},
publisher = {Princeton University Press},
year = {1997},
address = {Princeton}
}

@article{Boettiger:2015he,
author = {Boettiger, Carl and Mangel, Marc and Munch, Stephan},
title = {{Avoiding tipping points in fisheries management through Gaussian process dynamic programming}},
journal = {Proc Biol Sci},
year = {2015},
volume = {282},
number = {1801},
pages = {20141631--20141631},
month = feb
}

@article{Fink:2012eg,
author = {Fink, Patrick and Reichwaldt, Elke S and Harrod, Chris and Rossberg, Axel G},
title = {{Determining trophic niche width: an experimental test of the stable isotope approach}},
journal = {Oikos},
year = {2012},
volume = {121},
number = {12},
pages = {1985--1994}
}

@article{Mangel:1983wx,
author = {Mangel, Marc and Clark, Colin Whitcomb and {University of California, Davis. Department of Mathematics}},
title = {{Uncertainty, Search, and Information in Fisheries}},
journal = {J. Const. int. Explor. Mer.},
year = {1983},
volume = {41},
pages = {93--103}
}

@article{Layman:2007vi,
author = {Layman, C and Post, DM},
title = {{Can stable isotope ratios provide for community-wide measures of trophic structure? Reply}},
journal = {Ecology},
year = {2007},
volume = {88},
number = {1},
pages = {42--48},
month = jan
}

@article{Wheatley:2012fd,
author = {Wheatley, P V and Peckham, H and Newsome, S.D. and Koch, P L},
title = {{Estimating marine resource use by the American crocodile Crocodylus acutus in southern Florida, USA}},
journal = {Mar. Ecol.-Prog. Ser.},
year = {2012},
volume = {447},
pages = {211--229},
month = feb
}

@article{Matthews:2004hw,
author = {Matthews, Blake and Mazumder, Asit},
title = {{A critical evaluation of intrapopulation variation of $\delta$13C and isotopic evidence of individual specialization}},
journal = {Oecologia},
year = {2004},
volume = {140},
number = {2},
pages = {361--371},
month = apr
}

@book{Mangel:1988uaa,
author = {Mangel, M and Clark, C. W.},
title = {{Dynamic modeling in behavioral ecology}},
publisher = {Princeton University Press},
year = {1988},
address = {Princeton}
}

@article{MartinezdelRio:ELTlGU2V,
author = {Martinez del Rio, C and Carleton, S A},
title = {{How fast and how faithful: the dynamics of isotopic incorporation into animal tissues}},
journal = {J Mamm}
}

@article{Galetti:2015jp,
author = {Galetti, Mauro and Guevara, Roger and Neves, Carolina L and Rodarte, Raisa R and Bovendorp, Ricardo S and Moreira, Marcelo and Hopkins III, John B and Yeakel, Justin D},
title = {{Defaunation affects the populations and diets of rodents in Neotropical rainforests}},
journal = {Biol. Conserv.},
year = {2015},
volume = {190},
pages = {2--7},
month = oct
}

@article{Wolf:2007ww,
author = {Wolf, Nicholas and Mangel, Marc},
title = {{Strategy, compromise, and cheating in predator-prey games}},
journal = {Evol. Ecol. Res.},
year = {2007},
volume = {9},
number = {8},
pages = {1293}
}

@article{Phillips:2003kq,
author = {Phillips, Donald L and Gregg, Jillian W},
title = {{Source partitioning using stable isotopes: coping with too many sources}},
journal = {Oecologia},
year = {2003},
volume = {136},
number = {2},
pages = {261--269},
month = jul
}

@article{Bolnick:2010p3343,
author = {Bolnick, DI and Yang, LH and Fordyce, JA and Davis, JM and Svanback, R},
title = {{Measuring individual specialization}},
year = {2010},
pages = {1--16},
month = dec
}

@article{Mangel:1992wo,
author = {Mangel, M and Ludwig, D},
title = {{Definition and evaluation of the fitness of behavioral and developmental programs}},
journal = {Annu. Rev. Ecol. Syst.},
year = {1992},
volume = {23},
pages = {507--536}
}

@article{delRio:2011p2553,
author = {Mart{\'\i}nez del Rio, Carlos and Sabat, Pablo and Anderson-Sprecher, Richard and Gonzalez, Sandra P},
title = {{Dietary and isotopic specialization: the isotopic niche of three Cinclodes ovenbirds.}},
journal = {Oecologia},
year = {2009},
volume = {161},
number = {1},
pages = {149--159},
month = aug
}

@article{Newsome:2009tn,
author = {Newsome, Seth D and Tinker, MT and Monson, DH and Oftedal, OT and Ralls, K and Staedler, MM and Fogel, ML and Estes, JA},
title = {{Using stable isotopes to investigate individual diet specialization in California sea otters (Enhydra lutris nereis)}},
journal = {Ecology},
year = {2009},
volume = {90},
number = {4},
pages = {961--974}
}

@article{Novak:2011uz,
author = {Novak, Mark and Wootton, J T and Doak, Daniel F and Emmerson, Mark and Estes, James A and Tinker, Martin T},
title = {{Predicting community responses to perturbations in the face of imperfect knowledge and network complexity.}},
journal = {Ecology},
year = {2011},
volume = {0},
pages = {00}
}

@article{Novak:2011wd,
author = {Novak, M and Wootton, T and Doak, D and Emmerson, M and Estes, J A and Jacob, U and Tinker, M and Yeakel, Justin D},
title = {{Predicting species responses to perturbations: what is the community matrix?}},
year = {2011},
volume = {in review},
pages = {1--35},
month = mar
}

@article{Phillips:2014wv,
author = {Phillips, D L and Inger, R and Bearhop, S},
title = {{Best practices for use of stable isotope mixing models in food-web studies}},
journal = {J. Zool.},
year = {2014}
}

@article{Newsome:2010p3431,
author = {Newsome, SD and Collins, PW and Rick, TC and Guthrie, DA and Erlandson, JM and Fogel, ML},
title = {{Pleistocene to historic shifts in bald eagle diets on the Channel Islands, California}},
journal = {Proc. Natl. Acad. Sci. USA},
year = {2010},
volume = {107},
number = {20},
pages = {9246}
}

@article{Ward:2010p3347,
author = {Ward, EJ and Semmens, BX and Phillips, DL and Moore, JW},
title = {{A model based approach for incorporating uncertainty in source combinations in stable isotope mixing models}},
year = {2010},
pages = {1--20},
month = dec
}

@article{Bolnick2003,
author = {Bolnick, Daniel I and Svanb{\"a}ck, Richard and Fordyce, James A and Yang, Louie H and Davis, Jeremy M and Hulsey, CDarrin and Florister, Matthew L},
title = {{The Ecology of Individuals: Incidence and Implications of Individual Specialization}},
journal = {Am. Nat.},
year = {2003},
volume = {161},
number = {1},
pages = {1--28}
}

@article{Araujo:2011gm,
author = {Ara{\'u}jo, Marcio S and Bolnick, Daniel I and Layman, Craig A},
title = {{The ecological causes of individual specialisation}},
journal = {Ecol. Lett.},
year = {2011},
volume = {14},
number = {9},
pages = {948--958},
month = jul
}

@article{Codron:2012gh,
author = {Codron, Daryl and Sponheimer, Matt and Codron, Jacqui and Newton, Ian and Lanham, John L and Clauss, Marcus},
title = {{The confounding effects of source isotopic heterogeneity on consumer{\textendash}diet and tissue{\textendash}tissue stable isotope relationships}},
journal = {Oecologia},
year = {2012},
volume = {169},
number = {4},
pages = {939--953},
month = feb
}

@article{Araujo:2007iua,
author = {Ara{\'u}jo, Marcio S and Bolnick, Daniel I and Machado, Glauco and Giaretta, Ariovaldo A and dos Reis, Sergio F},
title = {{Using $\delta$$^{13}$C stable isotopes to quantify individual-level diet variation}},
journal = {Oecologia},
year = {2007},
volume = {152},
number = {4},
pages = {643--654},
month = mar
}

@article{Phillips:2005p1007,
author = {Phillips, Donald L and Newsome, Seth D and Gregg, Jillian W},
title = {{Combining sources in stable isotope mixing models: alternative methods}},
journal = {Oecologia},
year = {2005},
volume = {144},
number = {4},
pages = {520--527},
month = aug
}

@article{Kurle:2009ch,
author = {Kurle, Carolyn M},
title = {{Interpreting temporal variation in omnivore foraging ecology via stable isotope modelling}},
journal = {Functional Ecology},
year = {2009},
volume = {23},
number = {4},
pages = {733--744},
month = aug
}

@article{Newsome:2015gy,
author = {Newsome, Seth D and Tinker, M Tim and Gill, Verena A and Hoyt, Zachary N and Doroff, Angela and Nichol, Linda and Bodkin, James L},
title = {{The interaction of intraspecific competition and habitat on individual diet specialization: a near range-wide examination of sea otters}},
journal = {Oecologia},
year = {2015},
month = feb
}

@article{Tinker:tpa,
author = {Tim Tinker, M and Guimar{\~a}es Jr, Paulo R and Novak, Mark and Marquitti, Flavia Maria Darcie and Bodkin, James L and Staedler, Michelle and Bentall, Gena and Estes, James A},
title = {{Structure and mechanism of diet specialisation: testing models of individual variation in resource use with sea otters.}},
journal = {Ecol. Lett.},
year = {2012},
volume = {15},
number = {5},
pages = {475--483}
}

@article{Newsome:2004p992,
author = {Newsome, Seth D and Phillips, Donald L and Culleton, BJ and Guilderson, TP and Koch, PL},
title = {{Dietary reconstruction of an early to middle Holocene human population from the central California coast: insights from advanced stable isotope mixing models}},
journal = {J. Archaeol. Sci.},
year = {2004},
volume = {31},
number = {8},
pages = {1101--1115}
}

@article{Newsome:2007tz,
author = {Newsome, Seth D and Martinez del Rio, C and Bearhop, S and Phillips, Donald L},
title = {{A niche for isotopic ecology}},
journal = {Front. Ecol. Environ.},
year = {2007},
volume = {5},
number = {8},
pages = {429--436}
}

@article{Estes:2003uc,
author = {Estes, J A and Riedman, M L and Staedler, M M and Tinker, M T and Lyon, B E},
title = {{Individual variation in prey selection by sea otters: patterns, causes and implications}},
journal = {J. Anim. Ecol.},
year = {2003},
volume = {72},
number = {1},
pages = {144--155},
month = jan
}

@article{Jackson:2011kd,
author = {Jackson, Andrew L and Inger, Richard and Parnell, Andrew C and Bearhop, Stuart},
title = {{Comparing isotopic niche widths among and within communities: SIBER - Stable Isotope Bayesian Ellipses in R}},
journal = {J. Anim. Ecol.},
year = {2011},
volume = {80},
number = {3},
pages = {595--602},
month = mar
}

@article{NeyNifle:1999bo,
author = {Ney-Nifle, Muriel and Mangel, Marc},
title = {{Species{\textendash}Area Curves Based on Geographic Range and Occupancy}},
journal = {J. Theor. Biol.},
year = {1999},
volume = {196},
number = {3},
pages = {327--342},
month = feb
}

@article{Mangel:2014kz,
author = {Mangel, Marc},
title = {{Stochastic Dynamic Programming Illuminates the Link Between Environment, Physiology, and Evolution}},
journal = {Bulletin of Mathematical Biology},
year = {2014},
pages = {1--21--21}
}

@article{Levi:2011tk,
author = {Levi, T and Lu, F. and Yu, D.W. and Mangel, M},
title = {{The behaviour and diet breadth of central-place foragers: an application to human hunters and Neotropical game management}},
journal = {Evol. Ecol. Res.},
year = {2011},
volume = {13},
pages = {171--185}
}

@article{Semmens:2009he,
author = {Semmens, Brice X and Moore, Jonathan W and Ward, Eric J},
title = {{Improving Bayesian isotope mixing models: a response to Jackson et~al.(2009)}},
journal = {Ecol. Lett.},
year = {2009},
volume = {12},
number = {3},
pages = {E6--E8},
month = mar
}

@article{Sponheimer:2006fj,
author = {Sponheimer, Matt and Passey, Benjamin H and de Ruiter, Darryl J and Guatelli-Steinberg, Debbie and Cerling, Thure E and Lee-Thorp, Julia A},
title = {{Isotopic evidence for dietary variability in the early hominin Paranthropus robustus.}},
journal = {Science},
year = {2006},
volume = {314},
number = {5801},
pages = {980--982},
month = nov
}

@article{West:2001bv,
author = {West, Geoffrey B and Brown, James H and Enquist, Brian J},
title = {{A general model for ontogenetic growth}},
journal = {Nature},
year = {2001},
volume = {413},
number = {6856},
pages = {628--631},
month = oct
}

@article{Kim:2012et,
author = {Kim, Sora L and Tinker, M Tim and Estes, James A and Koch, Paul L},
title = {{Ontogenetic and Among-Individual Variation in Foraging Strategies of Northeast Pacific White Sharks Based on Stable Isotope Analysis}},
journal = {PLoS ONE},
year = {2012},
volume = {7},
number = {9},
pages = {e45068--11},
month = sep
}

@incollection{Mangel:2006wb,
author = {Mangel, M},
title = {{Applications of stochastic population dynamics to ecology}},
booktitle = {The theoretical biologist's toolbox: Quantitative methods for ecology and evolutionary biology},
year = {2006},
pages = {285--322},
publisher = {Cambridge University Press},
address = {Cambridge},
month = jul
}

@article{Clark:1979ti,
author = {Clark, C. W. and Mangel, M},
title = {{Aggregation and fishery dynamics: a theoretical study of schooling and the purse seine tuna fisheries}},
journal = {Fish. Bull},
year = {1979},
volume = {77},
number = {2},
pages = {317--337}
}

@article{Satterthwaite:2009et,
author = {Satterthwaite, William H and Beakes, Michael P and Collins, Erin M and Swank, David R and Merz, Joseph E and Titus, Robert G and Sogard, Susan M and Mangel, Marc},
title = {{Steelhead Life History on California's Central Coast: Insights from a State-Dependent Model}},
journal = {Transactions of the American Fisheries Society},
year = {2009},
volume = {138},
number = {3},
pages = {532--548},
month = may
}

@article{Mangel:2013vm,
author = {Mangel, M and Satterthwaite, W H and Pirolli, P and Suh, B and Zhang, Y},
title = {{Invasion biology and the success of social collaboration networks, with application to Wikipedia}},
journal = {Israel Journal of Ecology and Evolution},
year = {2013},
volume = {59},
number = {1},
pages = {17--26}
}

@article{Koch:2002p1047,
author = {Koch, Paul and Phillips, Donald L},
title = {{Incorporating concentration dependence in stable isotope mixing models: a reply to Robbins, Hilderbrand and Farley (2002)}},
journal = {Oecologia},
year = {2002},
volume = {133},
number = {1},
pages = {14--18},
month = sep
}

@article{Mangel:2002vh,
author = {Mangel, Marc and Marinovic, Baldo and Pomeroy, Caroline and Croll, Donald},
title = {{Requiem for Ricker: Unpacking MSY}},
journal = {B. Mar. Sci.},
year = {2002},
volume = {70},
number = {2},
pages = {763--781}
}

@article{Mangel:2008tl,
author = {Mangel, M and Satterthwaite, W H},
title = {{Combining proximate and ultimate approaches to understand life history variation in salmonids with application to fisheries, conservation, and aquaculture}},
journal = {B. Mar. Sci.},
year = {2008},
volume = {83},
number = {1},
pages = {107--130}
}

@article{Parnell:2012wv,
author = {Parnell, Andrew C and Phillips, Donald L and Bearhop, Stuart and Semmens, Brice X and Ward, Eric J and Moore, Jonathan W and Jackson, Andrew L and Inger, Richard},
title = {{Bayesian Stable Isotope Mixing Models}},
journal = {arXiv},
year = {2012},
eprint = {1209.6457v1},
eprinttype = {arxiv},
eprintclass = {stat.AP},
month = sep
}

@article{Chesson:1983bt,
author = {Chesson, Jean},
title = {{The Estimation and Analysis of Preference and Its Relatioship to Foraging Models}},
journal = {Ecology},
year = {1983},
volume = {64},
number = {5},
pages = {1297},
month = oct
}

@article{Koch:1995vj,
author = {Koch, PL and Heisinger, J and Moss, C and Carlson, RW and Fogel, ML and Behrensmeyer, AK},
title = {{Isotopic tracking of change in diet and habitat use in African elephants}},
journal = {Science},
year = {1995},
volume = {267},
number = {5202},
pages = {1340}
}

@article{Mangel:1986um,
author = {Mangel, M and Clark, C. W.},
title = {{Towards a Unified Foraging Theory}},
journal = {Ecology},
year = {1986},
volume = {67},
number = {5},
pages = {1127--1138}
}

@article{Hopkins:2015ip,
author = {Hopkins, John B and Kurle, Carolyn M},
title = {{Measuring the realized niches of animals using stable isotopes: from rats to bears}},
journal = {Methods Ecol Evol},
year = {2015},
pages = {n/a--n/a},
month = aug
}

@article{Phillips:2001ws,
author = {Phillips, D L},
title = {{Mixing models in analyses of diet using multiple stable isotopes: a critique}},
journal = {Oecologia},
year = {2001},
volume = {127},
number = {2},
pages = {166--170}
}

@article{Ogle:2014jg,
author = {Ogle, Kiona and Tucker, Colin and Cable, Jessica M},
title = {{Beyond simple linear mixing models: process-based isotope partitioning of ecological processes}},
journal = {Ecol. Appl.},
year = {2014},
volume = {24},
number = {1},
pages = {181--195},
month = jan
}

@article{Hopkins:2012dza,
author = {Hopkins, John B and Ferguson, Jake M},
title = {{Estimating the diets of animals using stable isotopes and a comprehensive bayesian mixing model.}},
journal = {PLoS ONE},
year = {2012},
volume = {7},
number = {1},
pages = {e28478}
}

@phdthesis{Mangel:1977wl,
author = {Mangel, M},
title = {{Small fluctuations at the unstable steady state}},
school = {University of British Columbia},
year = {1977}
}

@article{Tieszen:1983ij,
author = {Tieszen, L L and Boutton, T W and Tesdahl, K G and Slade, N A},
title = {{Fractionation and turnover of stable carbon isotopes in animal tissues: Implications for $\delta$$^{13}$C analysis of diet}},
journal = {Oecologia},
year = {1983},
volume = {57},
number = {1-2},
pages = {32--37},
month = mar
}

@article{Semmens:2009uq,
author = {Semmens, B X and Ward, E J and Moore, J W and Darimont, C T},
title = {{Quantifying inter-and intra-population niche variability using hierarchical Bayesian stable isotope mixing models}},
journal = {PLoS ONE},
year = {2009},
volume = {4},
number = {7},
pages = {e6187}
}

@article{Tinker:2009tr,
author = {Tinker, M T and Mangel, M and Estes, J A},
title = {{Learning to be different: acquired skills, social learning, frequency dependence, and environmental variation can cause behaviourally mediated foraging specializations}},
journal = {Evol. Ecol. Res.},
year = {2009},
volume = {11},
number = {6},
pages = {841--869}
}

@article{Lecomte:2011bf,
author = {Lecomte, Nicolas and Ahlstr{\o}m, {\O}ystein and Ehrich, Doroth{\'e}e and Fuglei, Eva and Ims, Rolf A and Yoccoz, Nigel G},
title = {{Intrapopulation Variability Shaping Isotope Discrimination and Turnover: Experimental Evidence in Arctic Foxes}},
journal = {PLoS ONE},
year = {2011},
volume = {6},
number = {6},
pages = {e21357},
month = jun
}

@incollection{Phillips:2006ei,
author = {Phillips, Andrew and Cardelli, Luca and Castagna, Giuseppe},
title = {{A Graphical Representation for Biological Processes in the Stochastic pi-Calculus}},
booktitle = {link.springer.com},
year = {2006},
pages = {123--152},
publisher = {Springer Berlin Heidelberg},
address = {Berlin, Heidelberg}
}

@article{Layman:2011cm,
author = {Layman, Craig A and Ara{\'u}jo, Marcio S and Boucek, Ross and Hammerschlag-Peyer, Caroline M and Harrison, Elizabeth and Jud, Zachary R and Matich, Philip and Rosenblatt, Adam E and Vaudo, Jeremy J and Yeager, Lauren A and Post, David M and Bearhop, Stuart},
title = {{Applying stable isotopes to examine food-web structure: an overview of analytical tools}},
journal = {Biological Reviews},
year = {2011},
pages = {no--no},
month = nov
}

@article{Layman:2007vi,
author = {Layman, Craig A and Arrington, D Albrey and Monta{\~n}a, Carmen G and Post, David M},
title = {{Can stable isotope ratios provide for community-wide measures of trophic structure?}},
journal = {Ecology},
year = {2007},
volume = {88},
number = {1},
pages = {42--48},
month = jan
}

@article{Mangel:2013tu,
author = {Mangel, Marc and MacCall, Alec D and Brodziak, Jon and Dick, E J and Forrest, Robyn E and Pourzand, Roxanna and Ralston, Stephen},
title = {{A perspective on steepness, reference points, and stock assessment}},
journal = {Can. J. Fish. Aquat. Sci.},
year = {2013},
volume = {70},
number = {6},
pages = {930--940},
month = apr
}

@incollection{Mangel:2006un,
author = {Mangel, Marc},
title = {{An introduction to some of the problems of sustainable fisheries}},
booktitle = {The theoretical biologist's toolbox: Quantitative methods for ecology and evolutionary biology},
year = {2006},
pages = {210--247},
publisher = {Cambridge University Press},
address = {Cambridge},
month = jul
}

@article{Mangel:2005fc,
author = {Mangel, Marc and Levin, Phillip S.},
title = {{Regime, phase and paradigm shifts: making community ecology the basic science for fisheries.}},
journal = {Philos. T. Roy. Soc. B},
year = {2005},
volume = {360},
number = {1453},
pages = {95--105},
month = jan
}

@article{Satterthwaite:2010jn,
author = {Satterthwaite, William H and Beakes, Michael P and Collins, Erin M and Swank, David R and Merz, Joseph E and Titus, Robert G and Sogard, Susan M and Mangel, Marc},
title = {{State-dependent life history models in a changing (and regulated) environment: steelhead in the California Central Valley}},
journal = {Evolutionary Applications},
year = {2010},
volume = {3},
number = {3},
pages = {221--243},
month = may
}

@article{Novak:2011uz,
author = {Novak, M and Wootton, J T and Doak, D.F. and Emmerson, M and Estes, J A and Tinker, M T},
title = {{Predicting community responses to perturbations in the face of imperfect knowledge and network complexity}},
journal = {Ecology},
year = {2011},
volume = {92},
number = {4},
pages = {836--846}
}

@article{Noren:2004bl,
author = {Noren, DP and Mangel, M},
title = {{Energy reserve allocation in fasting Northern Elephant Seal Pups: inter-relationships between body condition and fasting duration}},
journal = {Functional Ecology},
year = {2004},
volume = {18},
number = {2},
pages = {233--242}
}

@article{Kurle:2014kj,
author = {Kurle, Carolyn M and Koch, Paul L and Tershy, Bernie R and Croll, Donald A},
title = {{The effects of sex, tissue type, and dietary components on stable isotope discrimination factors ($\Delta$ 13C and $\Delta$ 15N) in mammalian omnivores {\dag}}},
journal = {Isotopes in Environmental and Health Studies},
year = {2014},
pages = {1--15},
month = apr
}

@article{delRio:2008bs,
author = {Mart{\'\i}nez del Rio, Carlos and Anderson-Sprecher, Richard},
title = {{Beyond the reaction progress variable: the meaning and significance of isotopic incorporation data}},
journal = {Oecologia},
year = {2008},
volume = {156},
number = {4},
pages = {765--772},
month = apr
}

@article{Levi:2012ir,
author = {Levi, Taal and Darimont, Chris T and MacDuffee, Misty and Mangel, Marc and Paquet, Paul and Wilmers, Christopher C},
title = {{Using Grizzly Bears to Assess Harvest-Ecosystem Tradeoffs in Salmon Fisheries}},
year = {2012},
volume = {10},
number = {4},
pages = {e1001303},
month = apr
}

@article{Mangel:2006tm,
author = {Mangel, Marc and Levin, Phillip and Patil, Anand},
title = {{Using life history and persistence criteria to prioritize habitats for management and conservation.}},
journal = {Ecol. Appl.},
year = {2006},
volume = {16},
number = {2},
pages = {797--806},
month = apr
}

@article{Araujo:2009p2286,
author = {Ara{\'u}jo, Marcio S and Bolnick, D I and Martinelli, L A and Giaretta, A A and dos Reis, S F},
title = {{Individual-level diet variation in four species of Brazilian frogs}},
journal = {J. Anim. Ecol.},
year = {2009},
volume = {78},
number = {4},
pages = {848--856},
month = jul
}

@article{Newsome:WhhVfocb,
author = {Newsome, S.D. and Yeakel, Justin D and Wheatley, P V and Tinker, M T},
title = {{Tools for quantifying isotopic niche space and dietary variation at the individual and population level}},
journal = {J. Mammal.},
year = {2012},
volume = {93},
number = {2},
pages = {329--341}
}

@book{J:1979wc,
author = {Roughgarden, J},
title = {{Theory of population genetics and evolutionary ecology: an introduction.}},
publisher = {Macmillan},
year = {1979},
address = {New York}
}

@article{Munch:2005dn,
author = {Munch, Stephan B and Kottas, Athanasios and Mangel, Marc},
title = {{Bayesian nonparametric analysis of stock-recruitment relationships}},
journal = {Can. J. Fish. Aquat. Sci.},
year = {2005},
volume = {62},
number = {8},
pages = {1808--1821},
month = aug
}

@article{Bolnick:2002tb,
author = {Bolnick, DI and Svanback, R and Fordyce, JA and Yang, LH and Davis, JM and Hulsey, CD and Forister, ML},
title = {{The ecology of individuals: incidence and implications of individual specialization}},
journal = {Am. Nat.},
year = {2002},
volume = {161},
number = {1},
pages = {1--28}
}

@article{Lehmann:2015db,
author = {Lehmann, D and Mfune, J K E and Gewers, E and Brain, C and Voigt, C C},
title = {{Individual variation of isotopic niches in grazing and browsing desert ungulates}},
journal = {Oecologia},
year = {2015},
pages = {1--14},
month = may
}

@article{Bearhop:2004im,
author = {Bearhop, Stuart and ADAMS, COLIN E and WALDRON, SUSAN and FULLER, RICHARD A and MACLEOD, HAZEL},
title = {{Determining trophic niche width:~a novel approach using stable isotope analysis}},
journal = {J. Anim. Ecol.},
year = {2004},
volume = {73},
number = {5},
pages = {1007--1012},
month = sep
}

@article{Yeakel:2011ks,
author = {Yeakel, Justin D and Novak, Mark and Guimar{\~a}es Jr, Paulo R and Dominy, Nathaniel J and Koch, Paul L and Ward, Eric J and Moore, Jonathan W and Semmens, Brice X},
title = {{Merging resource availability with isotope mixing models: the role of neutral interaction assumptions}},
journal = {PLoS ONE},
year = {2011},
volume = {6},
number = {7},
pages = {e22015},
month = jul
}

@inproceedings{Hutchinson:1957tg,
author = {Hutchinson, G E},
title = {{Concluding remarks}},
booktitle = {Cold spring harbor symposium on quantitative biology},
year = {1957},
publisher = {Concluding remarks}
}

@article{Post:2008ki,
author = {Post, David M},
title = {{Individual variation in the timing of ontogenetic niche shifts in largemouth bass}},
journal = {http://dx.doi.org.proxy.lib.sfu.ca/10.1890/0012-9658(2003)084[1298:IVITTO]2.0.CO;2},
year = {2008},
volume = {84},
number = {5},
pages = {1298--1310},
month = sep
}

@article{Flaherty:2010p3403,
author = {Flaherty, Elizabeth A and Ben-David, Merav},
title = {{Overlap and partitioning of the ecological and isotopic niches}},
journal = {Oikos},
year = {2010},
volume = {119},
number = {9},
pages = {1409--1416}
}

@article{Ainsworth:2010uo,
author = {Ainsworth, Cameron H. and Kaplan, Isaac C. and Levin, Phillip S. and Mangel, Marc},
title = {{A statistical approach for estimating fish diet compositions from multiple data sources: Gulf of California case study}},
journal = {Ecol. Appl.},
year = {2010},
volume = {20},
number = {8},
pages = {2188--2202}
}

@article{Doak:2008p1455,
author = {Doak, DF and Estes, JA and Halpern, BS and Jacob, U and Lindberg, DR and Lovvorn, J and Monson, DH and Tinker, MT and Williams, TM and Wootton, JT},
title = {{Understanding and predicting ecological dynamics: are major surprises inevitable}},
journal = {Ecology},
year = {2008},
volume = {89},
number = {4},
pages = {952--961}
}

@article{Yeakel:2007p1410,
author = {Yeakel, Justin D and Bennett, N C and Koch, P L and Dominy, N J},
title = {{The isotopic ecology of African mole rats informs hypotheses on the evolution of human diet}},
journal = {Proc. Roy. Soc. B},
year = {2007},
volume = {274},
number = {1619},
pages = {1723--1730},
month = jul
}

